<collection>
<record>
<leader>05797cpcaa22007697a 4500</leader>
<controlfield tag="001">20286628</controlfield>
<controlfield tag="005">20200903103508.0</controlfield>
<controlfield tag="008">180118i19571995dcu eng </controlfield>
<datafield ind1=" " ind2=" " tag="906">
<subfield code="a">7</subfield>
<subfield code="b">cbc</subfield>
<subfield code="c">orignew</subfield>
<subfield code="d">u</subfield>
<subfield code="e">ncip</subfield>
<subfield code="f">20</subfield>
<subfield code="g">y-folklife</subfield>
</datafield>
<datafield ind1=" " ind2=" " tag="955">
<subfield code="b">
hh12 2018-01-18 Gift per MoR from Todd Harvey, LS/AFC
</subfield>
<subfield code="a">rec'd mkru 2018-04-30</subfield>
<subfield code="a">mseg 2019-04-30</subfield>
<subfield code="a">mseg 2019-05-02</subfield>
<subfield code="a">kere 2019-05-02</subfield>
<subfield code="a">ahoo 2019-07-26</subfield>
<subfield code="a">kere 2019-08-16</subfield>
<subfield code="a">masmit 2019-08-30</subfield>
</datafield>
<datafield ind1=" " ind2=" " tag="010">
<subfield code="a"> 2018655310</subfield>
</datafield>
<datafield ind1=" " ind2=" " tag="040">
<subfield code="a">DLC</subfield>
<subfield code="b">eng</subfield>
<subfield code="e">dacs</subfield>
<subfield code="c">DLC</subfield>
</datafield>
<datafield ind1=" " ind2=" " tag="090">
<subfield code="a">AFC 2018/009</subfield>
</datafield>
<datafield ind1="0" ind2="0" tag="245">
<subfield code="a">John Dildine and Ginny Dildine papers,</subfield>
<subfield code="f">1957-2014,</subfield>
<subfield code="g">bulk 1957-1995.</subfield>
</datafield>
<datafield ind1=" " ind2=" " tag="260">
<subfield code="c">1957-2014, bulk 1957-1995.</subfield>
</datafield>
<datafield ind1=" " ind2=" " tag="300">
<subfield code="a">1602 items.</subfield>
</datafield>
<datafield ind1=" " ind2=" " tag="300">
<subfield code="a">12</subfield>
<subfield code="f">containers.</subfield>
</datafield>
<datafield ind1=" " ind2=" " tag="300">
<subfield code="a">88 linear inches.</subfield>
</datafield>
<datafield ind1=" " ind2=" " tag="300">
<subfield code="3">sound recordings</subfield>
<subfield code="a">3 sound cassettes :</subfield>
<subfield code="b">analog.</subfield>
</datafield>
<datafield ind1=" " ind2=" " tag="300">
<subfield code="a">1225</subfield>
<subfield code="f">manuscripts.</subfield>
</datafield>
<datafield ind1=" " ind2=" " tag="300">
<subfield code="3">graphic materials</subfield>
<subfield code="a">246 slides :</subfield>
<subfield code="b">color ;</subfield>
<subfield code="c">35 mm.</subfield>
</datafield>
<datafield ind1=" " ind2=" " tag="300">
<subfield code="3">graphic materials</subfield>
<subfield code="a">27 photographic prints :</subfield>
<subfield code="b">black and white ;</subfield>
<subfield code="c">various sizes.</subfield>
</datafield>
<datafield ind1=" " ind2=" " tag="300">
<subfield code="3">graphic materials</subfield>
<subfield code="a">2 photographic prints :</subfield>
<subfield code="b">color ;</subfield>
<subfield code="c">3 1/2 x 5 in.</subfield>
</datafield>
<datafield ind1=" " ind2=" " tag="300">
<subfield code="3">graphic materials</subfield>
<subfield code="a">4</subfield>
<subfield code="f">posters.</subfield>
</datafield>
<datafield ind1=" " ind2=" " tag="300">
<subfield code="3">graphic materials</subfield>
<subfield code="a">36</subfield>
<subfield code="f">drawings.</subfield>
</datafield>
<datafield ind1=" " ind2=" " tag="300">
<subfield code="a">59</subfield>
<subfield code="f">artifacts.</subfield>
</datafield>
<datafield ind1=" " ind2=" " tag="520">
<subfield code="a">
The John Dildine and Ginny Dildine papers document their involvement in folk music, crafts, and other folk revival activities from the 1950s-1995. The Dildines played pivotal roles in the Folklore Society of Greater Washington, Fox Hollow Festival, and National Folk Festival Association. Their work with puppetry was important in the revival of that art form and the collection includes Ginny Dildine's sketches and patterns for puppets, photographs of puppet performances at festivals, and the Dildine Family manuscript songbook, with notations about puppet performances. Correspondents include Bob Beers, Evelyne Beers, Gordon Bok, George and Gerry Armstrong, Pete Seeger, Toshi Seeger, Mike Seeger, Michael Cooney, and others. The collection also includes fan mail for John Dildline's folk music radio programs. Photographs include color slides of the Fox Hollow Folk Festival (1966, 1970); Mariposa Folk Festival (1970, 1972); the Newport Folk Festival (1967) including photographs of Pete Seeger, Mike Seeger, Hedy West, Joan Baez, Buffy Sainte-Marie, and others; the Dildine puppets (1970s); the Folklore Society of Greater Washington picnic (1965), and the Smithsonian Folklife Festival (1967). The collection includes the transcript of an interview with John Dildine conducted by Julie McCullogh in 1993; and correspondence and outlines related to the Kennedy Center Honors video interview with Pete Seeger, conducted by John Dildine in Beacon, New York, June 7, 1995.
</subfield>
</datafield>
<datafield ind1="8" ind2=" " tag="524">
<subfield code="a">
John Dildine and Ginny Dildine papers, 1957-1995 (AFC 2018/009) Archive of Folk Culture, American Folklife Center, Library of Congress, Washington, D.C.
</subfield>
</datafield>
<datafield ind1=" " ind2=" " tag="545">
<subfield code="a">
John Dildine and Ginny Dildine became familiar figures on the folk music scene in the 1960s, performing at various festivals, schools, and other venues. Around 1965 they began to incorporate puppetry into their stage performances. The puppets were designed by Ginny and either hand-operated or worn as costumes. Over the years the Dildine children (Scott, Debbie, and Connie) joined their parents onstage for musical performances, and to help operate the puppets. Among John's many accomplishments, he was also the host of folk music programs on Washington, D.C.-area radio stations WASH and WAMU-FM (from 1957-1970) and was the first president of the Folklore Society of Greater Washington (1964-1965).
</subfield>
</datafield>
<datafield ind1=" " ind2=" " tag="544">
<subfield code="n">
Related audio collections include John and Ginny Dildine Collection (AFC 1975/001) of radio broadcasts and concert performances; and the John Dildine Collection (AFC 1975/024) of recordings of folk music performers made by John Dildine in the late 1950s.
</subfield>
</datafield>
<datafield ind1=" " ind2=" " tag="506">
<subfield code="a">
Collection is open for research. Access to recordings may be restricted. To request materials, please contact the Folklife Reading Room at
</subfield>
<subfield code="u">http://hdl.loc.gov/loc.afc/folklife.contact</subfield>
</datafield>
<datafield ind1=" " ind2=" " tag="540">
<subfield code="a">
Duplication may be governed by copyright and other restrictions.
</subfield>
</datafield>
<datafield ind1="0" ind2=" " tag="555">
<subfield code="a">Finding aid is available online</subfield>
<subfield code="u">http://hdl.loc.gov/loc.afc/eadafc.af019006</subfield>
</datafield>
<datafield ind1="1" ind2="0" tag="600">
<subfield code="a">Dildine, John</subfield>
<subfield code="v">Correspondence.</subfield>
</datafield>
<datafield ind1="1" ind2="0" tag="600">
<subfield code="a">Dildine, John</subfield>
<subfield code="v">Interviews.</subfield>
</datafield>
<datafield ind1="1" ind2="0" tag="600">
<subfield code="a">Dildine, Ginny</subfield>
<subfield code="v">Correspondence.</subfield>
</datafield>
<datafield ind1="1" ind2="0" tag="600">
<subfield code="a">Beers, Bob,</subfield>
<subfield code="d">1920-1972</subfield>
<subfield code="v">Correspondence.</subfield>
</datafield>
<datafield ind1="1" ind2="0" tag="600">
<subfield code="a">Beers, Evelyne</subfield>
<subfield code="v">Correspondence.</subfield>
</datafield>
<datafield ind1="1" ind2="0" tag="600">
<subfield code="a">Bok, Gordon</subfield>
<subfield code="v">Correspondence.</subfield>
</datafield>
<datafield ind1="1" ind2="0" tag="600">
<subfield code="a">Seeger, Pete,</subfield>
<subfield code="d">1919-2014.</subfield>
</datafield>
<datafield ind1="2" ind2="0" tag="610">
<subfield code="a">Folklore Society of Greater Washington.</subfield>
</datafield>
<datafield ind1="2" ind2="0" tag="611">
<subfield code="a">Fox Hollow Folk Festival.</subfield>
</datafield>
<datafield ind1="2" ind2="0" tag="611">
<subfield code="a">Mariposa Folk Festival.</subfield>
</datafield>
<datafield ind1="2" ind2="0" tag="611">
<subfield code="a">Newport Folk Festival.</subfield>
</datafield>
<datafield ind1=" " ind2="0" tag="650">
<subfield code="a">Folk musicians</subfield>
<subfield code="z">United States.</subfield>
</datafield>
<datafield ind1=" " ind2="0" tag="650">
<subfield code="a">Folk music</subfield>
<subfield code="x">Societies, etc.</subfield>
</datafield>
<datafield ind1=" " ind2="0" tag="650">
<subfield code="a">Folk festivals</subfield>
<subfield code="z">United States.</subfield>
</datafield>
<datafield ind1=" " ind2="0" tag="650">
<subfield code="a">Folk festivals</subfield>
<subfield code="z">Canada.</subfield>
</datafield>
<datafield ind1=" " ind2="0" tag="650">
<subfield code="a">Puppets.</subfield>
</datafield>
<datafield ind1=" " ind2="0" tag="650">
<subfield code="a">Folk songs, English</subfield>
<subfield code="v">Texts.</subfield>
</datafield>
<datafield ind1=" " ind2="7" tag="650">
<subfield code="a">Folk music radio programs.</subfield>
<subfield code="2">lcgft</subfield>
</datafield>
<datafield ind1=" " ind2="7" tag="655">
<subfield code="a">Correspondence.</subfield>
<subfield code="2">aat</subfield>
</datafield>
<datafield ind1=" " ind2="7" tag="655">
<subfield code="a">Photographs.</subfield>
<subfield code="2">aat</subfield>
</datafield>
<datafield ind1=" " ind2="7" tag="655">
<subfield code="a">Sound recordings.</subfield>
<subfield code="2">lcgft</subfield>
</datafield>
<datafield ind1=" " ind2="7" tag="655">
<subfield code="a">Programs.</subfield>
<subfield code="2">aat</subfield>
</datafield>
<datafield ind1=" " ind2="7" tag="655">
<subfield code="a">Drawings.</subfield>
<subfield code="2">aat</subfield>
</datafield>
<datafield ind1=" " ind2="7" tag="655">
<subfield code="a">Songbooks.</subfield>
<subfield code="2">lcgft</subfield>
</datafield>
<datafield ind1=" " ind2="7" tag="655">
<subfield code="a">Clippings.</subfield>
<subfield code="2">gmgpc</subfield>
</datafield>
<datafield ind1=" " ind2="7" tag="655">
<subfield code="a">Posters.</subfield>
<subfield code="2">aat</subfield>
</datafield>
<datafield ind1=" " ind2="7" tag="655">
<subfield code="a">Fan mail.</subfield>
<subfield code="2">lcsh</subfield>
</datafield>
<datafield ind1="1" ind2=" " tag="700">
<subfield code="a">Dildine, John,</subfield>
<subfield code="e">collector.</subfield>
</datafield>
<datafield ind1="1" ind2=" " tag="700">
<subfield code="a">Dildine, Ginny,</subfield>
<subfield code="e">collector.</subfield>
</datafield>
<datafield ind1=" " ind2=" " tag="852">
<subfield code="a">Library of Congress</subfield>
<subfield code="b">Archive of Folk Culture, American Folklife Center,</subfield>
<subfield code="e">
101 Independence Ave. S.E., Washington, DC USA 20540-4610
</subfield>
<subfield code="u">http://hdl.loc.gov/loc.afc/folklife.home</subfield>
</datafield>
<datafield ind1="4" ind2="2" tag="856">
<subfield code="3">Finding aid</subfield>
<subfield code="u">http://hdl.loc.gov/loc.afc/eadafc.af019006</subfield>
</datafield>
<datafield ind1=" " ind2=" " tag="923">
<subfield code="a">Gift</subfield>
<subfield code="d">20180118</subfield>
<subfield code="n">338375</subfield>
<subfield code="s">John and Ginny Dildine (gift donors)</subfield>
<subfield code="x">Filed: Dildine, John</subfield>
</datafield>
<datafield ind1=" " ind2=" " tag="985">
<subfield code="a">afc/ead</subfield>
</datafield>
<datafield ind1=" " ind2=" " tag="985">
<subfield code="a">afc/coll</subfield>
</datafield>
</record>
</collection>